<?xml version="1.0" encoding="UTF-8"?>
<record>
  <leader>01132nam#a2200361#c#4500</leader>
  <controlfield tag="005">20210517194400.0</controlfield>
  <controlfield tag="007">tu</controlfield>
  <controlfield tag="008">060109|2006####xxk###########|||#|#eng#c</controlfield>
  <controlfield tag="003">DE-605</controlfield>
  <controlfield tag="001">990143325070206441</controlfield>
  <datafield tag="015" ind1=" " ind2=" ">
    <subfield code="a">GBA596797</subfield>
    <subfield code="2">dnb</subfield>
  </datafield>
  <datafield tag="016" ind1="7" ind2=" ">
    <subfield code="a">266236565</subfield>
    <subfield code="2">OCoLC</subfield>
  </datafield>
  <datafield tag="020" ind1=" " ind2=" ">
    <subfield code="a">0415391954</subfield>
    <subfield code="9">0-415-39195-4</subfield>
  </datafield>
  <datafield tag="020" ind1=" " ind2=" ">
    <subfield code="a">9780415391955</subfield>
    <subfield code="9">978-0-415-39195-5</subfield>
  </datafield>
  <datafield tag="035" ind1=" " ind2=" ">
    <subfield code="a">(DE-605)HT014601018</subfield>
  </datafield>
  <datafield tag="040" ind1=" " ind2=" ">
    <subfield code="c">DE-605</subfield>
    <subfield code="a">6</subfield>
    <subfield code="b">ger</subfield>
    <subfield code="d">6</subfield>
    <subfield code="e">aacr</subfield>
    <subfield code="d">DE-605</subfield>
  </datafield>
  <datafield tag="041" ind1=" " ind2=" ">
    <subfield code="a">eng</subfield>
  </datafield>
  <datafield tag="044" ind1=" " ind2=" ">
    <subfield code="c">XA-GB</subfield>
  </datafield>
  <datafield tag="082" ind1="0" ind2=" ">
    <subfield code="a">759.954</subfield>
    <subfield code="2">22</subfield>
  </datafield>
  <datafield tag="100" ind1="1" ind2=" ">
    <subfield code="a">Nardi, Isabella</subfield>
    <subfield code="4">aut</subfield>
  </datafield>
  <datafield tag="245" ind1="1" ind2="0">
    <subfield code="a">&lt;&lt;The&gt;&gt; theory of citrasutras in Indian painting</subfield>
    <subfield code="b">a critical re-evaluation of their uses and interpretations</subfield>
    <subfield code="c">Isabella Nardi</subfield>
  </datafield>
  <datafield tag="264" ind1=" " ind2="1">
    <subfield code="a">London [u.a.]</subfield>
    <subfield code="b">Routledge</subfield>
    <subfield code="c">2006</subfield>
  </datafield>
  <datafield tag="300" ind1=" " ind2=" ">
    <subfield code="a">XVIII, 190 S. : zahlr. Ill., graph. Darst.</subfield>
  </datafield>
  <datafield tag="490" ind1="0" ind2=" ">
    <subfield code="a">Royal Asiatic Society books</subfield>
  </datafield>
  <datafield tag="650" ind1=" " ind2="0">
    <subfield code="a">Painting, Indic</subfield>
  </datafield>
  <datafield tag="630" ind1="0" ind2="0">
    <subfield code="a">Citrasutras</subfield>
  </datafield>
  <datafield tag="689" ind1="0" ind2="0">
    <subfield code="a">Indien</subfield>
    <subfield code="D">g</subfield>
    <subfield code="0">(DE-588)4026722-2</subfield>
    <subfield code="0">https://portal.dnb.de/opac.htm?method=simpleSearch&amp;cqlMode=true&amp;query=idn=040267229</subfield>
    <subfield code="0">http://viaf.org/viaf/sourceID/DNB|040267229</subfield>
    <subfield code="B">GND-040267229</subfield>
  </datafield>
  <datafield tag="689" ind1="0" ind2="1">
    <subfield code="a">Malerei</subfield>
    <subfield code="D">s</subfield>
    <subfield code="0">(DE-588)4037220-0</subfield>
    <subfield code="0">https://portal.dnb.de/opac.htm?method=simpleSearch&amp;cqlMode=true&amp;query=idn=040372200</subfield>
    <subfield code="0">http://viaf.org/viaf/sourceID/DNB|040372200</subfield>
    <subfield code="B">GND-040372200</subfield>
  </datafield>
  <datafield tag="689" ind1="0" ind2="2">
    <subfield code="a">Ästhetik</subfield>
    <subfield code="D">s</subfield>
    <subfield code="0">(DE-588)4000626-8</subfield>
    <subfield code="0">https://portal.dnb.de/opac.htm?method=simpleSearch&amp;cqlMode=true&amp;query=idn=040006263</subfield>
    <subfield code="0">http://viaf.org/viaf/sourceID/DNB|040006263</subfield>
    <subfield code="B">GND-040006263</subfield>
  </datafield>
  <datafield tag="689" ind1="1" ind2="0">
    <subfield code="a">Purāṇas</subfield>
    <subfield code="D">u</subfield>
    <subfield code="0">(DE-588)4047875-0</subfield>
    <subfield code="0">https://portal.dnb.de/opac.htm?method=simpleSearch&amp;cqlMode=true&amp;query=idn=040478750</subfield>
    <subfield code="0">http://viaf.org/viaf/sourceID/DNB|040478750</subfield>
    <subfield code="B">GND-040478750</subfield>
  </datafield>
  <datafield tag="964" ind1="0" ind2="s">
    <subfield code="F">051</subfield>
    <subfield code="A">m||||||</subfield>
  </datafield>
  <datafield tag="964" ind1="0" ind2="s">
    <subfield code="F">030</subfield>
    <subfield code="A">a|1dkz|z|||17</subfield>
  </datafield>
  <datafield tag="964" ind1="0" ind2="s">
    <subfield code="F">050</subfield>
    <subfield code="A">a|a|||||||||||</subfield>
  </datafield>
  <datafield tag="035" ind1=" " ind2=" ">
    <subfield code="a">(OCoLC)266236565</subfield>
  </datafield>
  <datafield tag="MBD" ind1=" " ind2=" ">
    <subfield code="M">49HBZ_NETWORK</subfield>
    <subfield code="i">990143325070206441</subfield>
    <subfield code="n">HBZ Network</subfield>
  </datafield>
  <datafield tag="MBD" ind1=" " ind2=" ">
    <subfield code="M">49HBZ_ULB</subfield>
    <subfield code="i">991020325289706467</subfield>
    <subfield code="n">Universitaet Bonn</subfield>
  </datafield>
  <datafield tag="MBD" ind1=" " ind2=" ">
    <subfield code="M">49HBZ_ULM</subfield>
    <subfield code="i">991015622859706449</subfield>
    <subfield code="n">Universität Münster</subfield>
  </datafield>
  <datafield tag="MNG" ind1=" " ind2=" ">
    <subfield code="c">System</subfield>
    <subfield code="f">HBZ</subfield>
    <subfield code="i">marc21</subfield>
    <subfield code="h">20210517194400.0</subfield>
    <subfield code="k">01</subfield>
    <subfield code="e">false</subfield>
    <subfield code="d">2021-11-26 04:18:14 Europe/Berlin</subfield>
    <subfield code="g">014332507-HBZ01</subfield>
    <subfield code="j">60</subfield>
    <subfield code="a">import</subfield>
    <subfield code="b">2021-04-05 18:02:38 Europe/Berlin</subfield>
  </datafield>
  <datafield tag="H52" ind1="#" ind2=" ">
    <subfield code="b">0</subfield>
    <subfield code="c">0-Frei1</subfield>
    <subfield code="h">2007/5873</subfield>
    <subfield code="8">22281591140006467</subfield>
  </datafield>
  <datafield tag="HOL" ind1=" " ind2=" ">
    <subfield code="b">2023-07-24 10:09:19</subfield>
    <subfield code="8">22281591140006467</subfield>
    <subfield code="M">49HBZ_ULB</subfield>
    <subfield code="g">false</subfield>
    <subfield code="a">import</subfield>
  </datafield>
  <datafield tag="ITM" ind1=" " ind2=" ">
    <subfield code="H">22281591140006467</subfield>
    <subfield code="x">0-Frei1</subfield>
    <subfield code="f">BOOK</subfield>
    <subfield code="v">0-Frei1</subfield>
    <subfield code="X">AMO_TL2_FIX</subfield>
    <subfield code="U">2023-07-23 12:59:00 Europe/Berlin</subfield>
    <subfield code="Y">2023-07-25 08:01:39 Europe/Berlin</subfield>
    <subfield code="h">false</subfield>
    <subfield code="n">2007/5873</subfield>
    <subfield code="G">1</subfield>
    <subfield code="M">49HBZ_ULB</subfield>
    <subfield code="s">1</subfield>
    <subfield code="d">#</subfield>
    <subfield code="V">import</subfield>
    <subfield code="b">2007/5873</subfield>
    <subfield code="O">SISIS-Ausleihzähler Migrationsjahr: 0 | SISIS-Ausleihzähler Vor-Migrationsjahr: 0 | SISIS-Ausleihzähler vorletztes Migrationsjahr: 0 | SISIS-Vormerkzähler Migrationsjahr: 0 | SISIS-vorletztes Rückgabedatum: 2016-09-06 | SISIS-Buchdaten-Aufnahmedatum: 2007-08-13</subfield>
    <subfield code="N">SISIS-ULBSystematik: 1213 | SISIS-Magazindrucker: 0 | SISIS-Fernleihkonditionen: 0 | SISIS-Medientyp: 0 | Sigel: 5 | SISIS-Entleihbarkeit: S | SISIS-Zweigstelle: 0</subfield>
    <subfield code="a">23281591130006467</subfield>
    <subfield code="c">2007/5873</subfield>
    <subfield code="W">2023-07-24 12:09:19 Europe/Berlin</subfield>
    <subfield code="u">0</subfield>
    <subfield code="w">0</subfield>
  </datafield>
  <datafield tag="H52" ind1="8" ind2=" ">
    <subfield code="b">ZB</subfield>
    <subfield code="c">ZB_FHM1</subfield>
    <subfield code="h">3H 94295</subfield>
    <subfield code="8">22564603200006449</subfield>
  </datafield>
  <datafield tag="HOL" ind1=" " ind2=" ">
    <subfield code="b">2022-07-11 11:34:05</subfield>
    <subfield code="8">22564603200006449</subfield>
    <subfield code="M">49HBZ_ULM</subfield>
    <subfield code="g">false</subfield>
    <subfield code="a">import</subfield>
  </datafield>
  <datafield tag="ITM" ind1=" " ind2=" ">
    <subfield code="H">22564603200006449</subfield>
    <subfield code="x">ZB_FHM1</subfield>
    <subfield code="f">BOOK</subfield>
    <subfield code="v">ZB_FHM1</subfield>
    <subfield code="X">AMO_TL2_FIX</subfield>
    <subfield code="U">2022-07-10 12:59:00 Europe/Berlin</subfield>
    <subfield code="Y">2022-07-12 13:10:54 Europe/Berlin</subfield>
    <subfield code="h">false</subfield>
    <subfield code="Q">SISIS-Ausleihzähler Migrationsjahr: 0 | SISIS-Ausleihzähler Vor-Migrationsjahr: 0 | SISIS-Ausleihzähler vorletztes Migrationsjahr: 0</subfield>
    <subfield code="M">49HBZ_ULM</subfield>
    <subfield code="s">1</subfield>
    <subfield code="d">8</subfield>
    <subfield code="V">import</subfield>
    <subfield code="L">js;bar</subfield>
    <subfield code="b">3H 94295</subfield>
    <subfield code="O">Fernleihkonditionen: 0</subfield>
    <subfield code="a">23564603190006449</subfield>
    <subfield code="R">DBS-Systematik: 28</subfield>
    <subfield code="c">3H 94295</subfield>
    <subfield code="W">2022-07-11 13:34:05 Europe/Berlin</subfield>
    <subfield code="u">ZB</subfield>
    <subfield code="w">ZB</subfield>
  </datafield>
  <datafield tag="GST" ind1=" " ind2=" ">
    <subfield code="a">Künste</subfield>
    <subfield code="x">Ästhetik</subfield>
    <subfield code="A">GND</subfield>
    <subfield code="B">GND-040006263</subfield>
    <subfield code="C">450</subfield>
  </datafield>
  <datafield tag="GST" ind1=" " ind2=" ">
    <subfield code="a">Künste</subfield>
    <subfield code="x">Theorie</subfield>
    <subfield code="A">GND</subfield>
    <subfield code="B">GND-040006263</subfield>
    <subfield code="C">450</subfield>
  </datafield>
  <datafield tag="GST" ind1=" " ind2=" ">
    <subfield code="a">Kunstästhetik</subfield>
    <subfield code="A">GND</subfield>
    <subfield code="B">GND-040006263</subfield>
    <subfield code="C">450</subfield>
  </datafield>
  <datafield tag="GST" ind1=" " ind2=" ">
    <subfield code="a">Kunstphilosophie</subfield>
    <subfield code="A">GND</subfield>
    <subfield code="B">GND-040006263</subfield>
    <subfield code="C">450</subfield>
  </datafield>
  <datafield tag="GST" ind1=" " ind2=" ">
    <subfield code="a">Kunsttheorie</subfield>
    <subfield code="A">GND</subfield>
    <subfield code="B">GND-040006263</subfield>
    <subfield code="C">450</subfield>
  </datafield>
  <datafield tag="GST" ind1=" " ind2=" ">
    <subfield code="a">Philosophische Ästhetik</subfield>
    <subfield code="A">GND</subfield>
    <subfield code="B">GND-040006263</subfield>
    <subfield code="C">450</subfield>
  </datafield>
  <datafield tag="GST" ind1=" " ind2=" ">
    <subfield code="a">Kunstanschauung</subfield>
    <subfield code="A">GND</subfield>
    <subfield code="B">GND-040006263</subfield>
    <subfield code="C">450</subfield>
  </datafield>
  <datafield tag="GST" ind1=" " ind2=" ">
    <subfield code="a">Kunstauffassung</subfield>
    <subfield code="A">GND</subfield>
    <subfield code="B">GND-040006263</subfield>
    <subfield code="C">450</subfield>
  </datafield>
  <datafield tag="GSI" ind1="7" ind2=" ">
    <subfield code="a">http://d-nb.info/gnd/4000626-8</subfield>
    <subfield code="2">uri</subfield>
    <subfield code="A">GND</subfield>
    <subfield code="B">GND-040006263</subfield>
    <subfield code="C">024</subfield>
  </datafield>
  <datafield tag="GST" ind1=" " ind2=" ">
    <subfield code="a">Holztafelmalerei</subfield>
    <subfield code="A">GND</subfield>
    <subfield code="B">GND-040372200</subfield>
    <subfield code="C">450</subfield>
  </datafield>
  <datafield tag="GST" ind1=" " ind2=" ">
    <subfield code="a">Tafelbild</subfield>
    <subfield code="g">Malerei</subfield>
    <subfield code="A">GND</subfield>
    <subfield code="B">GND-040372200</subfield>
    <subfield code="C">450</subfield>
  </datafield>
  <datafield tag="GST" ind1=" " ind2=" ">
    <subfield code="a">Tafelmalerei</subfield>
    <subfield code="A">GND</subfield>
    <subfield code="B">GND-040372200</subfield>
    <subfield code="C">450</subfield>
  </datafield>
  <datafield tag="GSI" ind1="7" ind2=" ">
    <subfield code="a">http://d-nb.info/gnd/4037220-0</subfield>
    <subfield code="2">uri</subfield>
    <subfield code="A">GND</subfield>
    <subfield code="B">GND-040372200</subfield>
    <subfield code="C">024</subfield>
  </datafield>
  <datafield tag="GSI" ind1="7" ind2=" ">
    <subfield code="a">4026722-2</subfield>
    <subfield code="0">http://d-nb.info/gnd/4026722-2</subfield>
    <subfield code="2">gnd</subfield>
    <subfield code="A">GND</subfield>
    <subfield code="B">GND-040267229</subfield>
    <subfield code="C">024</subfield>
  </datafield>
  <datafield tag="GGN" ind1=" " ind2=" ">
    <subfield code="a">Bharat</subfield>
    <subfield code="A">GND</subfield>
    <subfield code="B">GND-040267229</subfield>
    <subfield code="C">451</subfield>
  </datafield>
  <datafield tag="GGN" ind1=" " ind2=" ">
    <subfield code="a">Indische Union</subfield>
    <subfield code="A">GND</subfield>
    <subfield code="B">GND-040267229</subfield>
    <subfield code="C">451</subfield>
  </datafield>
  <datafield tag="GGN" ind1=" " ind2=" ">
    <subfield code="a">Altindien</subfield>
    <subfield code="A">GND</subfield>
    <subfield code="B">GND-040267229</subfield>
    <subfield code="C">451</subfield>
  </datafield>
  <datafield tag="GGN" ind1=" " ind2=" ">
    <subfield code="a">Hindustan</subfield>
    <subfield code="A">GND</subfield>
    <subfield code="B">GND-040267229</subfield>
    <subfield code="C">451</subfield>
  </datafield>
  <datafield tag="GGN" ind1=" " ind2=" ">
    <subfield code="a">Hindostan</subfield>
    <subfield code="A">GND</subfield>
    <subfield code="B">GND-040267229</subfield>
    <subfield code="C">451</subfield>
  </datafield>
  <datafield tag="GGN" ind1=" " ind2=" ">
    <subfield code="a">Indien</subfield>
    <subfield code="g">1947-</subfield>
    <subfield code="A">GND</subfield>
    <subfield code="B">GND-040267229</subfield>
    <subfield code="C">451</subfield>
  </datafield>
  <datafield tag="GGN" ind1=" " ind2=" ">
    <subfield code="a">Indie</subfield>
    <subfield code="A">GND</subfield>
    <subfield code="B">GND-040267229</subfield>
    <subfield code="C">451</subfield>
  </datafield>
  <datafield tag="GGN" ind1=" " ind2=" ">
    <subfield code="a">Indian Union</subfield>
    <subfield code="A">GND</subfield>
    <subfield code="B">GND-040267229</subfield>
    <subfield code="C">451</subfield>
  </datafield>
  <datafield tag="GGN" ind1=" " ind2=" ">
    <subfield code="a">Bhārata Gaṇarājya</subfield>
    <subfield code="A">GND</subfield>
    <subfield code="B">GND-040267229</subfield>
    <subfield code="C">451</subfield>
  </datafield>
  <datafield tag="GGN" ind1=" " ind2=" ">
    <subfield code="a">Bhārata</subfield>
    <subfield code="A">GND</subfield>
    <subfield code="B">GND-040267229</subfield>
    <subfield code="C">451</subfield>
  </datafield>
  <datafield tag="GGN" ind1=" " ind2=" ">
    <subfield code="a">Indien</subfield>
    <subfield code="g">Republik</subfield>
    <subfield code="A">GND</subfield>
    <subfield code="B">GND-040267229</subfield>
    <subfield code="C">451</subfield>
  </datafield>
  <datafield tag="GGN" ind1=" " ind2=" ">
    <subfield code="a">Republik Indien</subfield>
    <subfield code="A">GND</subfield>
    <subfield code="B">GND-040267229</subfield>
    <subfield code="C">451</subfield>
  </datafield>
  <datafield tag="GGN" ind1=" " ind2=" ">
    <subfield code="a">Indien</subfield>
    <subfield code="g">Dominion</subfield>
    <subfield code="A">GND</subfield>
    <subfield code="B">GND-040267229</subfield>
    <subfield code="C">451</subfield>
  </datafield>
  <datafield tag="GGN" ind1=" " ind2=" ">
    <subfield code="a">Dominion of India</subfield>
    <subfield code="A">GND</subfield>
    <subfield code="B">GND-040267229</subfield>
    <subfield code="C">451</subfield>
  </datafield>
  <datafield tag="GGN" ind1=" " ind2=" ">
    <subfield code="a">India</subfield>
    <subfield code="A">GND</subfield>
    <subfield code="B">GND-040267229</subfield>
    <subfield code="C">451</subfield>
  </datafield>
  <datafield tag="GGN" ind1=" " ind2=" ">
    <subfield code="a">Republic of India</subfield>
    <subfield code="A">GND</subfield>
    <subfield code="B">GND-040267229</subfield>
    <subfield code="C">451</subfield>
  </datafield>
  <datafield tag="GGN" ind1=" " ind2=" ">
    <subfield code="a">Inde</subfield>
    <subfield code="A">GND</subfield>
    <subfield code="B">GND-040267229</subfield>
    <subfield code="C">451</subfield>
  </datafield>
  <datafield tag="GGN" ind1=" " ind2=" ">
    <subfield code="a">Indië</subfield>
    <subfield code="A">GND</subfield>
    <subfield code="B">GND-040267229</subfield>
    <subfield code="C">451</subfield>
  </datafield>
  <datafield tag="GGN" ind1=" " ind2=" ">
    <subfield code="a">Bharata</subfield>
    <subfield code="A">GND</subfield>
    <subfield code="B">GND-040267229</subfield>
    <subfield code="C">451</subfield>
  </datafield>
  <datafield tag="GGN" ind1=" " ind2=" ">
    <subfield code="a">Indiia</subfield>
    <subfield code="A">GND</subfield>
    <subfield code="B">GND-040267229</subfield>
    <subfield code="C">451</subfield>
  </datafield>
  <datafield tag="GGN" ind1=" " ind2=" ">
    <subfield code="a">Indland</subfield>
    <subfield code="A">GND</subfield>
    <subfield code="B">GND-040267229</subfield>
    <subfield code="C">451</subfield>
  </datafield>
  <datafield tag="GGN" ind1=" " ind2=" ">
    <subfield code="a">Hindiston Respublikasi</subfield>
    <subfield code="A">GND</subfield>
    <subfield code="B">GND-040267229</subfield>
    <subfield code="C">451</subfield>
  </datafield>
  <datafield tag="GGN" ind1=" " ind2=" ">
    <subfield code="a">Satharanarat 'India</subfield>
    <subfield code="A">GND</subfield>
    <subfield code="B">GND-040267229</subfield>
    <subfield code="C">451</subfield>
  </datafield>
  <datafield tag="GGN" ind1=" " ind2=" ">
    <subfield code="a">Yin-tu</subfield>
    <subfield code="A">GND</subfield>
    <subfield code="B">GND-040267229</subfield>
    <subfield code="C">451</subfield>
  </datafield>
  <datafield tag="GSI" ind1="7" ind2=" ">
    <subfield code="a">4047875-0</subfield>
    <subfield code="0">http://d-nb.info/gnd/4047875-0</subfield>
    <subfield code="2">gnd</subfield>
    <subfield code="A">GND</subfield>
    <subfield code="B">GND-040478750</subfield>
    <subfield code="C">024</subfield>
  </datafield>
  <datafield tag="GGN" ind1=" " ind2=" ">
    <subfield code="a">Indien</subfield>
    <subfield code="x">Purāṇa</subfield>
    <subfield code="A">GND</subfield>
    <subfield code="B">GND-040478750</subfield>
    <subfield code="C">451</subfield>
  </datafield>
  <datafield tag="GGN" ind1=" " ind2=" ">
    <subfield code="a">Sanskrit</subfield>
    <subfield code="x">Purāṇa</subfield>
    <subfield code="A">GND</subfield>
    <subfield code="B">GND-040478750</subfield>
    <subfield code="C">451</subfield>
  </datafield>
</record>
